@article{dolev:1983,
	Author = {Danny Dolev and Andrew C. Yao},
	Date-Added = {2012-09-21 13:35:15 +0000},
	Date-Modified = {2012-09-21 13:35:15 +0000},
	Journal = {IEEE Trans. on Inform. Theory},
	Number = {2},
	Pages = {198--208},
	Title = {On the security of public key protocols},
	Volume = {29},
	Year = {1983}}

@article{Alexander1974,
     jstor_articletype = {research-article},
     title = {The Evolution of Social Behavior},
     author = {Alexander, Richard D.},
     journal = {Annual Review of Ecology and Systematics},
     jstor_issuetitle = {},
     volume = {5},
     number = {},
     jstor_formatteddate = {1974},
     pages = {pp. 325-383},
     url = {http://www.jstor.org/stable/2096892},
     ISSN = {00664162},
     abstract = {},
     language = {English},
     year = {1974},
     publisher = {Annual Reviews},
     copyright = {Copyright Â© 1974 Annual Reviews},
    }

@article{Parker1974,
title = "Assessment strategy and the evolution of fighting behaviour",
journal = "Journal of Theoretical Biology",
volume = "47",
number = "1",
pages = "223 - 243",
year = "1974",
note = "",
issn = "0022-5193",
doi = "10.1016/0022-5193(74)90111-8",
url = "http://www.sciencedirect.com/science/article/pii/0022519374901118",
author = "G.A. Parker"
}

@INPROCEEDINGS{Anderson95,
    author = {Ross Anderson and Roger Needham},
    title = {Robustness Principles for Public Key Protocols},
    booktitle = {CRYPTO '95},
    year = {1995},
    pages = {236--247},
    publisher = {Springer-Verlag}
}

@article{needham:1978,
	Address = {New York, NY, USA},
	Author = {Roger M. Needham and Michael D. Schroeder},
	Date-Added = {2012-09-21 13:26:45 +0000},
	Date-Modified = {2012-09-21 13:26:45 +0000},
	Doi = {http://doi.acm.org/10.1145/359657.359659},
	Issn = {0001-0782},
	Journal = {Comm. of ACM},
	Number = {12},
	Numpages = {7},
	Pages = {993--999},
	Publisher = {ACM},
	Title = {Using encryption for authentication in large networks of computers},
	Volume = {21},
	Year = {1978}}

@book{bella:2007,
	Address = {New York},
	Author = {Giampaolo Bella},
	Isbn = {978-3-540-68134-2},
	Publisher = {Springer Berlin Heidelberg },
	Series = {Information Security and Cryptography},
	Title = {Formal Correctness of Security Protocols},
	Year = {2007}}

@misc{ellison:2007,
	Author = {Ellison, Carl},
	Howpublished = {Cryptology ePrint Archive, Report 2007/399},
	Month = oct,
	Title = {{Ceremony Design and Analysis}},
	Year = {2007}}

@book{ryan:2001,
	Author = {Peter Ryan and Steve Schneider},
	Edition = {1},
	Isbn = {0201674718},
	Publisher = {Addison Wesley},
	Title = {Modelling and analysis of security protocols},
	Year = {2001}}

@incollection{bellare:1994,
	Author = {Bellare, Mihir and Rogaway, Phillip},
	Booktitle = {CRYPTO' 93},
	Pages = {232-249},
	Publisher = {Springer},
	Series = {LNCS},
	Title = {Entity Authentication and Key Distribution},
	Volume = {773},
	Year = {1994}}

@incollection{bella:2006,
	Author = {G. Bella and S. Bistarelli and F. Massacci},
	Booktitle = {IACS},
	Pages = {266},
	Publisher = {IOS Press},
	Title = {Retaliation: Can We Live with Flaws?},
	Volume = {6},
	Year = {2006}}


@article{arsac:2011,
	Author = {Arsac, Wihem and Bella, Giampaolo and Chantry, Xavier and Compagna, Luca},
	Doi = {10.1007/s10817-010-9185-y},
	Journal = {Journal of Automated Reasoning},
	Month = apr,
	Number = {3-4},
	Pages = {353--388},
	Publisher = {Springer-Verlag New York, Inc.},
	Title = {Multi-Attacker Protocol Validation},
	Url = {http://dx.doi.org/10.1007/s10817-010-9185-y},
	Volume = {46},
	Year = {2011}}

@techreport{martina:2012,
	Author = {Jean Everson Martina},
	Howpublished = {University of Cambridge technical report UCAM-CL-TR-816},
	Institution = {University of Cambridge},
	Month = Mar,
	Number = {816},
	Publisher = {University of Cambridge Computer Laboratory},
	Title = {Verification of security protocols based on multicast communication},
	Url = {http://www.cl.cam.ac.uk/techreports/UCAM-CL-TR-816.pdf},
	Year = {2012}}

@inproceedings{carlos:2012a,
	Author = {Marcelo Carlomagno Carlos and Jean Everson Martina and Geraint Price and Ricardo Felipe Custodio},
	Booktitle = {SECRYPT'12},
	Isbn = {978-989-8565-24-2},
	Month = jul,
	Pages = {440-445},
	Publisher = {SciTePress},
	Title = {A Proposed Framework for Analysing Security Ceremonies},
	Year = {2012}}


@inproceedings{chang:2007,
	Author = {Richard Chang and Vitaly Shmatikov},
	Booktitle = {FCS-ARSPA'07},
	Title = {Formal Analysis of Authentication in Bluetooth Device Pairing},
	Year = {2007}}

@incollection{jakobsson:2001,
	Author = {Jakobsson, Markus and Wetzel, Susanne},
	Booktitle = {CT-RSA 2001},
	Pages = {176-191},
	Publisher = {Springer},
	Series = {LNCS},
	Title = {Security Weaknesses in Bluetooth},
	Volume = {2020},
	Year = {2001}}

@inproceedings{lindell:2008,
	Author = {Andrew Y. Lindell},
	Booktitle = {BlackHat USA},
	Month = jun,
	Title = {Attacks on the Pairing Protocol of Bluetooth v2.},
	Year = {2008}}

@misc{bluetoothSIG:1999-2007,
	Author = {{Bluetooth Special Interest Group}},
	Title = {Bluetooth Specifications 1.0 -- 2.1+{EDR}},
	Year = {1999--2007},
	Howpublished = {Technical specifications, http://www.bluetooth.com}}

@techreport{bluetoothSIG:2006,
	Author = {{Bluetooth Special Interest Group}},
	Month = aug,
	Title = {Simple Pairing Whitepaper V10r00},
	Year = {2006}}

@inproceedings{haataja:2008,
	Author = {Haataja, K. and Toivanen, P.},
	Booktitle = {WiCOM '08},
	Isbn = {978-1-4244-2107-7},
	Month = {oct},
	Pages = {1--5},
	Title = {Practical Man-in-the-Middle Attacks Against Bluetooth Secure Simple Pairing},
	Year = {2008}}
	
	
@inproceedings{shaked:2005,
	Address = {New York, NY, USA},
	Author = {Shaked, Yaniv and Wool, Avishai},
	Booktitle = {MobiSys '05s},
	Isbn = {1-931971-31-5},
	Pages = {39--50},
	Publisher = {ACM},
	Title = {Cracking the Bluetooth PIN},
	Year = {2005}}


@inproceedings{balfanz:2002,
	Address = {San Diego},
	Author = {Dirk Balfanz and D. K. Smetters and Paul Stewart and H. Chi Wong},
	Booktitle = {NDSS'02},
	Title = {Talking To Strangers: Authentication in Ad-Hoc Wireless Networks},
	Year = {2002}}


@inproceedings{creese:2003,
	Author = {S.J. Creese and M.H. Goldsmith and A. W. Roscoe and I.Zakiuddin},
	Booktitle = {{FAST'03}},
	Title = {The attacker in ubiquitous computing environments: formalising the threat model},
	Year = {2003}}


@article{wong:2007,
	Author = {Wong, Ford Long and Stajano, Frank},
	Doi = {10.1109/MPRV.2007.76},
	Journal = {IEEE Pervasive Computing},
	Month = oct,
	Number = {4},
	Pages = {31--39},
	Publisher = {IEEE Educational Activities Department},
	Title = {Multichannel Security Protocols},
	Url = {http://dx.doi.org/10.1109/MPRV.2007.76},
	Volume = {6},
	Year = {2007}}
	
@inproceedings{dhamija:2006,
	Acmid = {1124861},
	Address = {New York, NY, USA},
	Author = {Dhamija, Rachna and Tygar, J. D. and Hearst, Marti},
	Booktitle = {SIGCHI'06},
	Date-Added = {2012-01-29 18:15:29 +0000},
	Date-Modified = {2012-01-29 18:15:29 +0000},
	Doi = {http://doi.acm.org/10.1145/1124772.1124861},
	Isbn = {1-59593-372-7},
	Keywords = {Security Usability, Phishing},
	Location = {Montreal, Quebec, Canada},
	Numpages = {10},
	Pages = {581--590},
	Publisher = {ACM},
	Title = {Why phishing works},
	Url = {http://doi.acm.org/10.1145/1124772.1124861},
	Year = {2006}}
	
@inproceedings{jakobsson:2007,
	Author = {Markus Jakobsson},
	Booktitle = {Priv. {\&} Sec. of Consumer Information '07},
	Title = {The Human Factor in Phishing},
	Year = {2007}}
	
